@article{worm,
    author = {Haokun Tang and Yanbing Liu and Jun Huang},
    journal = {IEEE 2nd International Conference on Cloud Computing and Intelligence Systems},
    title = {A worm counter-measurement strategy in P2P networks: Modeling and analysis.},
    year = {2012},
    DOI = {10.1109/ccis.2012.6664266}}
    
@misc{fraud_graph,
    author = {n.a.},
    editor = {},
    publisher = {iii.org},
    year = {2019},
    title = {Quantity of frauds and percentages by type in the United States. Retrieved April, 21, 2020 from https://www.iii.org/fact-statistic/facts-statistics-identity-theft-and-cybercrime}}
    
@misc{protection_ring_graph,
    author = {Paul Krzyzanowski},
    editor = {},
    publisher = {cs.rutgers.edu},
    year = {2019},
    title = {Protection ring. Retrieved April, 22, 2020 from https://www.cs.rutgers.edu/~pxk/419/notes/access.html}}
    
@article{botnet-over-tor,
    author = {Matteo Casenove and Armando Miraglia},
    journal = {6th International Conference on Cyber Conflict},
    title = {Botnet over Tor: The Illusion of Hiding},
    year = {2014},
    DOI = {10.1109/CYCON.2014.6916408}}
    
@article{tor-whitepaper,
    author = {Roger Dingledine and Nick Mathewson and Paul Syverson},
    journal = {Proceedings of the Usenix Security Symposium},
    title = {Tor: The Second-Generation Onion Router},
    year = {2004},
    url = {https://svn-archive.torproject.org/svn/projects/design-paper/tor-design.pdf}}
    
@article{master-tor-circuit,
    author = {Otto Huhta and Dr George Danezis},
    journal = {},
    title = {LINKING TOR CIRCUITS},
    year = {2014},
    url = {https://www.freehaven.net/anonbib/cache/huhta-thesis.pdf}}
    
@article{onion-services-tor,
    author = {Philipp Winter and Anne Edmundson and Laura M. Roberts and Agnieszka Dutkowska-Żuk and Marshini Chetty and Nick Feamster},
    journal = {Proceedings of the 27th USENIX Security Symposium},
    title = {How Do Tor Users Interact With Onion Services?},
    year = {2018},
    url = {https://www.usenix.org/system/files/conference/usenixsecurity18/sec18-winter.pdf}}
    
@article{sybil-attack,
    author = {John R. Douceur},
    journal = {Proceedings of the 1st Inter-national Peer To Peer Systems Workshop (IPTPS)},
    title = {The Sybil Attack},
    year = {2002},
    url = {https://www.freehaven.net/anonbib/cache/sybil.pdf}}
    
@article{tor-correlation-master,
    author = {Henri CROMBÉ and Mallory DECLERCQ},
    journal = {},
    title = {Correlation attacks on the Tor network},
    year = {2016},
    url = {https://dial.uclouvain.be/memoire/ucl/fr/object/thesis\%3A8112/datastream/PDF_01/view}}

@article{deanonymize-clients-hidden-service,
    author = {Yanbing Ma and Xiaolei Xu},
    journal = {IEEE 2nd Information Technology, Networking, Electronic and Automation Control Conference (ITNEC)},
    title = {Locating tor’s hidden service clients based on protocol feature},
    year = {2017},
    doi = {10.1109/itnec.2017.8284989}}
    
@article{botnets,
    author = {Gernot Vormayr and Tanja Zseby and Joachim Fabini},
    journal = {Communications Surveys \& Tutorials},
    title = {Botnet Communication Patterns},
    year = {2017},
    doi = {10.1109/COMST.2017.2749442}}
    
@misc{pam-tutorial,
    author = {Mitsurugi},
    editor = {},
    publisher = {Le journal d'un reverser},
    year = {2016},
    title = {Creating a backdoor in PAM in 5 line of code. Retrieved May, 23, 2020 from https://0x90909090.blogspot.com/2016/06/creating-backdoor-in-pam-in-5-line-of.html}}
    
@misc{necurs-size,
    author = {Pierluigi Paganini},
    editor = {},
    publisher = {Security Affairs},
    year = {2016},
    title = {Necurs Botnet, one of the world’s largest malicious architecture has vanished. Retrieved May, 24, 2020 from https://securityaffairs.co/wordpress/48248/cyber-crime/necurs-botnet.html}}
    
@misc{ld-preload-trick,
    author = {Stephen Harding},
    editor = {},
    publisher = {The Meta Bytes},
    year = {2017},
    title = {LD\_PRELOAD hacks. Retrieved May, 28, 2020 from https://www.themetabytes.com/2017/11/25/ld\_preload-hacks/}}

@misc{rootkit-folder,
    author = {Yassine},
    editor = {},
    publisher = {Yet another infosec blog},
    year = {2017},
    title = {Hiding Processes for Fun and Profit. Retrieved May, 31, 2020 from https://yassine.tioual.com/posts/hiding-processes-for-fun-and-profit/}}
    
@article{thunderbolt,
    author = {Björn Ruytenberg},
    title = {Breaking Thunderbolt Protocol Security:Vulnerability Report.},
    year = {2020},
    url = {https://thunderspy.io/assets/reports/breaking-thunderbolt-security-bjorn-ruytenberg-20200417.pdf}}

@book{stuxnet-book,
    author = {Kim Zetter},
    title = {Countdown to Zero Day: Stuxnet and the Launch of the World's First Digital Weapon.},
    year = {2014}}
    
@article{palo-alto,
    author = {Ken Hsu, Zhibin Zhang and Ruchna Nigam},
    year = {2020},
    title = {New Mirai Variant Targets Zyxel Network-Attached Storage Devices.},
    url = {https://unit42.paloaltonetworks.com/new-mirai-variant-mukashi/}}
    
@article{social-engineering-paper,
    author = {Sherly Abraham and InduShobha Chengalur-Smith},
    year = {2010},
    title = {An overview of social engineering malware: Trends, tactics, and implications.},
    DOI = {doi.org/10.1016/j.techsoc.2010.07.001}}
    
@article{blockchain-botnet,
    author = {Majid A. Malaik},
    year = {2017},
    title = {Abusing Blockchains and Smart Contracts for Botnet Command and Control.},
    url = {https://sector.ca/wp-content/uploads/presentations17/Majid-Malaika-Botract_SecTor.pdf}}